%% This BibTeX bibliography file was created using BibDesk.
%% http://bibdesk.sourceforge.net/


%% Created for Lauro Cesar Araujo at 2013-01-14 23:15:37 -0200 
%% modified by machnievscz at 2013-01-22: changed Equipe abnTeX2 by abnTeX2

%% Saved with string encoding Unicode (UTF-8) 



\usepackage{url}

@article{du2020medical,
  title={Medical image segmentation based on u-net: A review},
  author={Du, Getao and Cao, Xu and Liang, Jimin and Chen, Xueli and Zhan, Yonghua},
  journal={Journal of Imaging Science and Technology},
  volume={64},
  pages={1--12},
  year={2020},
  publisher={Society for Imaging Science and Technology}
}

@article{block1962perceptron,
  title={The perceptron: A model for brain functioning. i},
  author={Block, Hans-Dieter},
  journal={Reviews of Modern Physics},
  volume={34},
  number={1},
  pages={123},
  year={1962},
  publisher={APS}
}

@book{simon2013too,
  title={Too Big to Ignore: The Business Case for Big Data},
  author={Simon, P.},
  isbn={9781118642108},
  lccn={2013008662},
  series={Wiley and SAS Business Series},
  url={https://books.google.com.br/books?id=Dn-Gdoh66sgC},
  year={2013},
  publisher={Wiley}
}

@book{mueller2019deep,
  title={Deep Learning for dummies},
  author={Mueller, John Paul and Massaron, Luca},
  year={2019},
  publisher={John Wiley \& Sons}
}

@article{monard2003conceitos,
  title={Conceitos sobre aprendizado de m{\'a}quina},
  author={Monard, Maria Carolina and Baranauskas, Jos{\'e} Augusto},
  journal={Sistemas inteligentes-Fundamentos e aplica{\c{c}}{\~o}es},
  volume={1},
  number={1},
  pages={32},
  year={2003},
  publisher={Manole}
}

@inproceedings{vargas2016estudo,
  title={Um estudo sobre redes neurais convolucionais e sua aplica{\c{c}}{\~a}o em detec{\c{c}}{\~a}o de pedestres},
  author={Vargas, Ana Caroline Gomes and Paes, Aline and Vasconcelos, Cristina Nader},
  booktitle={Proceedings of the XXIX conference on graphics, patterns and images},
  volume={1},
  number={4},
  year={2016},
  organization={sn}
}

@article{rawat2017deep,
  title={Deep convolutional neural networks for image classification: A comprehensive review},
  author={Rawat, Waseem and Wang, Zenghui},
  journal={Neural computation},
  volume={29},
  number={9},
  pages={2352--2449},
  year={2017},
  publisher={MIT Press}
}

@article{linhares2022automated,
  title={Automated bone healing evaluation: New approach to histomorphometric analysis},
  author={Linhares, Camila Rodrigues Borges and Rabelo, Gustavo Davi and Limirio, Pedro Henrique Justino Oliveira and Ven{\^a}ncio, Jessyca Figueira and Ribeiro Silva, Igor Gon{\c{c}}alves and Dechichi, Paula},
  journal={Microscopy Research and Technique},
  volume={85},
  number={10},
  pages={3339--3346},
  year={2022},
  publisher={Wiley Online Library}
}

@article{linhares2019melhoria,
  title={Melhoria da regenera{\c{c}}{\~a}o {\'o}ssea em ratos diab{\'e}ticos tipo I submetidos {\`a} oxigenoterapia hiperb{\'a}rica},
  author={Linhares, Camila Rodrigues Borges and others},
  year={2019},
  publisher={Universidade Federal de Uberl{\^a}ndia}
}

@incollection{junqueira1985histologia,
  title={Histologia b{\'a}sica},
  author={Junqueira, Luiz C and Carneiro, Jos{\'e}},
  booktitle={Histologia b{\'a}sica},
  pages={512--512},
  year={1985}
}

@article{esteva2021deep,
  title={Deep learning-enabled medical computer vision},
  author={Esteva, Andre and Chou, Katherine and Yeung, Serena and Naik, Nikhil and Madani, Ali and Mottaghi, Ali and Liu, Yun and Topol, Eric and Dean, Jeff and Socher, Richard},
  journal={NPJ digital medicine},
  volume={4},
  number={1},
  pages={1--9},
  year={2021},
  publisher={Nature Publishing Group}
}

@article{wen2021characteristics,
  title={Characteristics of publicly available skin cancer image datasets: a systematic review},
  author={Wen, David and Khan, Saad M and Xu, Antonio Ji and Ibrahim, Hussein and Smith, Luke and Caballero, Jose and Zepeda, Luis and de Blas Perez, Carlos and Denniston, Alastair K and Liu, Xiaoxuan and others},
  journal={The Lancet Digital Health},
  year={2021},
  publisher={Elsevier}
}

@inproceedings{chang2017deep,
  title={Deep learning based Nucleus Classification in pancreas histological images},
  author={Chang, Young Hwan and Thibault, Guillaume and Madin, Owen and Azimi, Vahid and Meyers, Cole and Johnson, Brett and Link, Jason and Margolin, Adam and Gray, Joe W},
  booktitle={2017 39th annual international conference of the IEEE engineering in medicine and biology society (EMBC)},
  pages={672--675},
  year={2017},
  organization={IEEE}
}

@article{mahbod2021cryonuseg,
  title={CryoNuSeg: A dataset for nuclei instance segmentation of cryosectioned H\&E-stained histological images},
  author={Mahbod, Amirreza and Schaefer, Gerald and Bancher, Benjamin and L{\"o}w, Christine and Dorffner, Georg and Ecker, Rupert and Ellinger, Isabella},
  journal={Computers in biology and medicine},
  volume={132},
  pages={104349},
  year={2021},
  publisher={Elsevier}
}

@article{li2021colonoscopy,
  title={Colonoscopy polyp detection and classification: Dataset creation and comparative evaluations},
  author={Li, Kaidong and Fathan, Mohammad I and Patel, Krushi and Zhang, Tianxiao and Zhong, Cuncong and Bansal, Ajay and Rastogi, Amit and Wang, Jean S and Wang, Guanghui},
  journal={Plos one},
  volume={16},
  number={8},
  pages={e0255809},
  year={2021},
  publisher={Public Library of Science San Francisco, CA USA}
}

@article{EWEJE2021103402,
title = {Deep Learning for Classification of Bone Lesions on Routine MRI},
journal = {EBioMedicine},
volume = {68},
pages = {103402},
year = {2021},
issn = {2352-3964},
doi = {https://doi.org/10.1016/j.ebiom.2021.103402},
url = {https://www.sciencedirect.com/science/article/pii/S235239642100195X},
author = {Feyisope R. Eweje and Bingting Bao and Jing Wu and Deepa Dalal and Wei-hua Liao and Yu He and Yongheng Luo and Shaolei Lu and Paul Zhang and Xianjing Peng and Ronnie Sebro and Harrison X. Bai and Lisa States},
keywords = {Deep learning, MRI, Bone tumor, Convolutional neural network, Bone lesion},
}

@incollection{srinivasan2021durld,
  title={DURLD: Malicious URL detection using deep learning-based character level representations},
  author={Srinivasan, Sriram and Vinayakumar, R and Arunachalam, Ajay and Alazab, Mamoun and Soman, KP},
  booktitle={Malware analysis using artificial intelligence and deep learning},
  pages={535--554},
  year={2021},
  publisher={Springer}
}

@article{mitchell1990machine,
  title={Machine learning},
  author={Mitchell, Tom and Buchanan, Bruce and DeJong, Gerald and Dietterich, Thomas and Rosenbloom, Paul and Waibel, Alex},
  journal={Annual review of computer science},
  volume={4},
  number={1},
  pages={417--433},
  year={1990},
  publisher={Annual Reviews 4139 El Camino Way, PO Box 10139, Palo Alto, CA 94303-0139, USA}
}

@article{miklosik2020impact,
  title={Impact of big data and machine learning on digital transformation in marketing: A literature review},
  author={Miklosik, Andrej and Evans, Nina},
  journal={Ieee Access},
  volume={8},
  pages={101284--101292},
  year={2020},
  publisher={IEEE}
}

@article{anwar2018medical,
  title={Medical image analysis using convolutional neural networks: a review},
  author={Anwar, Syed Muhammad and Majid, Muhammad and Qayyum, Adnan and Awais, Muhammad and Alnowami, Majdi and Khan, Muhammad Khurram},
  journal={Journal of medical systems},
  volume={42},
  number={11},
  pages={1--13},
  year={2018},
  publisher={Springer}
}

%% Datasets
@ARTICLE{Gonzalez-Hidalgo2015,
  author={González-Hidalgo, Manuel and Guerrero-Peña, F. A. and Herold-García, S. and Jaume-i-Capó, Antoni and Marrero-Fernández, P. D.},
  journal={IEEE Journal of Biomedical and Health Informatics}, 
  title={Red Blood Cell Cluster Separation From Digital Images for Use in Sickle Cell Disease}, 
  year={2015},
  volume={19},
  number={4},
  pages={1514-1525},
  doi={10.1109/JBHI.2014.2356402}}
  
  @INPROCEEDINGS{Labati2011,
  author={R. D. {Labati} and V. {Piuri} and F. {Scotti}},
  booktitle={2011 18th IEEE International Conference on Image Processing}, 
  title={All-IDB: The acute lymphoblastic leukemia image database for image processing}, 
  year={2011},
  volume={},
  number={},
  pages={2045-2048},
  doi={10.1109/ICIP.2011.6115881}
  }
  
  @article{paullada2021data,
  title={Data and its (dis) contents: A survey of dataset development and use in machine learning research},
  author={Paullada, Amandalynne and Raji, Inioluwa Deborah and Bender, Emily M and Denton, Emily and Hanna, Alex},
  journal={Patterns},
  volume={2},
  number={11},
  pages={100336},
  year={2021},
  publisher={Elsevier}
}
  
  @ARTICLE{Chowdhury2020,  
author={Chowdhury, Muhammad E. H. and Rahman, Tawsifur and Khandakar, Amith and Mazhar, Rashid and Kadir, Muhammad Abdul and Mahbub, Zaid Bin and Islam, Khandakar Reajul and Khan, Muhammad Salman and Iqbal, Atif and Emadi, Nasser Al and Reaz, Mamun Bin Ibne and Islam, Mohammad Tariqul},  
journal={IEEE Access},   
title={Can AI Help in Screening Viral and COVID-19 Pneumonia?},
year={2020},  
volume={8},  
number={},  
pages={132665-132676},  
doi={10.1109/ACCESS.2020.3010287}}

% Citado em: Trabalhos relacionados
@article{gondim2021automatic,
  title={Automatic Segmentation of Bone Canals in Histological Images},
  author={Gondim, Pedro Henrique Campos Cunha and Limirio, Pedro Henrique Justino Oliveira and Rocha, Flaviana Soares and Batista, Jonas Dantas and Dechichi, Paula and Traven{\c{c}}olo, Bruno Augusto Nassif and Backes, Andr{\'e} Ricardo},
  journal={Journal of Digital Imaging},
  volume={34},
  number={3},
  pages={678--690},
  year={2021},
  publisher={Springer}
}

% Citado em: Trabalhos relacionados
@article{liu1999bone,
  title={Bone image segmentation},
  author={Liu, Zhi-Qiang and Liew, Hui Lee and Clement, John G and Thomas, C David L},
  journal={IEEE Transactions on biomedical engineering},
  volume={46},
  number={5},
  pages={565--573},
  year={1999},
  publisher={IEEE}
}

% Citado em: Trabalhos relacionados
@article{santos2022automated,
  title={Automated segmentation of tumor regions from oral histological whole slide images using fully convolutional neural networks},
  author={Santos, Dal{\'\i} Freire Dias dos and others},
  year={2022},
  publisher={Universidade Federal de Uberl{\^a}ndia}
}

% Citado em: Trabalhos relacionados
@article{julia2021histological,
  title={Histological image segmentation of the bone vascular network through deep learning},
  author={Julia, Roxanne Silva and others},
  year={2021},
  publisher={Universidade Federal de Uberl{\^a}ndia}
}

% Citado em: Materiais e métodos
@software{adobephotoshop,
  author = {{Adobe Inc.}},
  title = {Adobe Photoshop},
  url = {https://www.adobe.com/products/photoshop.html},
  version = {CC 2016},
  year={2016}
}

% Citado em fundamentação teórica
@inproceedings{ronneberger2015u,
  title={U-net: Convolutional networks for biomedical image segmentation},
  author={Ronneberger, Olaf and Fischer, Philipp and Brox, Thomas},
  booktitle={Medical Image Computing and Computer-Assisted Intervention--MICCAI 2015: 18th International Conference, Munich, Germany, October 5-9, 2015, Proceedings, Part III 18},
  pages={234--241},
  year={2015},
  organization={Springer}
}
% Citado em fundamentação teórica
@article{siddique2021u,
  title={U-net and its variants for medical image segmentation: A review of theory and applications},
  author={Siddique, Nahian and Paheding, Sidike and Elkin, Colin P and Devabhaktuni, Vijay},
  journal={Ieee Access},
  volume={9},
  pages={82031--82057},
  year={2021},
  publisher={IEEE}
}

@book{geron2019maos,
  title={M{\~a}os {\`a} Obra: Aprendizado de M{\'a}quina com Scikit-Learn \& TensorFlow},
  author={G{\'e}ron, Aur{\'e}lien},
  year={2019},
  publisher={Alta Books}
}

% Citado em fundamentação teórica
@misc{fig-conv2d,
  title = {Convolution Operator},
  howpublished = {\url{https://tikz.net/conv2d/}},
  note = {Accessed: 2023-12-03},
  author = {Janosh Riebesell}
}

@misc{fig-pooling,
  title = {Neural Networks: Pooling Layers},
  howpublished = {\url{https://www.baeldung.com/cs/neural-networks-pooling-layers}},
  note = {Accessed: 2023-12-03},
  author = {Georgios Nanos}
}

@misc{multilayer,
  title = {Ultimate Guide for Deep Learning with Neural Network in 2023},
  howpublished = {\url{https://www.upgrad.com/blog/guide-for-deep-learning-with-neural-network/}},
  note = {Accessed: 2023-12-03},
  author = {Pavan Vadapalli}
}

@misc{operceptronmedium,
title={The Perceptron},
author={Arc},
year={2018},
url={https://towardsdatascience.com/the-perceptron-3af34c84838c},
note = {Accessed: 2023-12-03}
}

@inproceedings{long2015fully,
  title={Fully convolutional networks for semantic segmentation},
  author={Long, Jonathan and Shelhamer, Evan and Darrell, Trevor},
  booktitle={Proceedings of the IEEE conference on computer vision and pattern recognition},
  pages={3431--3440},
  year={2015}
}
@INPROCEEDINGS{9075071,
  author={Uddin, Muhammad Fahim},
  booktitle={2019 Sixth HCT Information Technology Trends (ITT)}, 
  title={Addressing Accuracy Paradox Using Enhanched Weighted Performance Metric in Machine Learning}, 
  year={2019},
  volume={},
  number={},
  pages={319-324},
  doi={10.1109/ITT48889.2019.9075071}}

@Article{Santos2023a,
  author    = {Dal{\'{\i}} F. D. dos Santos and Paulo R. de Faria and Bruno A. N. Traven{\c{c}}olo and Marcelo Z. do Nascimento},
  journal   = {Journal of Digital Imaging},
  title     = {Influence of Data Augmentation Strategies on the Segmentation of Oral Histological Images Using Fully Convolutional Neural Networks},
  year      = {2023},
  month     = {apr},
  doi       = {10.1007/s10278-023-00814-z},
  file      = {:Santos2023a - Influence of Data Augmentation Strategies on the Segmentation of Oral Histological Images Using Fully Convolutional Neural Networks.pdf:PDF},
  groups    = {Dalí Freire Dias dos Santos},
  publisher = {Springer Science and Business Media {LLC}},
}

@Article{Santos2021,
  author    = {Dal{\'{\i}} F.D. dos Santos and Paulo R. de Faria and Bruno A.N. Traven{\c{c}}olo and Marcelo Z. do Nascimento},
  journal   = {Biomedical Signal Processing and Control},
  title     = {Automated detection of tumor regions from oral histological whole slide images using fully convolutional neural networks},
  year      = {2021},
  month     = {aug},
  pages     = {102921},
  volume    = {69},
  doi       = {10.1016/j.bspc.2021.102921},
  file      = {:Santos2021 - Automated Detection of Tumor Regions from Oral Histological Whole Slide Images Using Fully Convolutional Neural Networks.pdf:PDF},
  groups    = {Dalí Freire Dias dos Santos, Artigos Bruno Travencolo},
  publisher = {Elsevier {BV}},
}

@article{feldman2014tissue,
  title={Tissue processing and hematoxylin and eosin staining},
  author={Feldman, Ada T and Wolfe, Delia},
  journal={Histopathology: methods and protocols},
  pages={31--43},
  year={2014},
  publisher={Springer}
}